<record xmlns="http://www.loc.gov/MARC21/slim" xmlns:xsi="http://www.w3.org/2001/XMLSchema-instance" xsi:schemaLocation="http://www.loc.gov/MARC21/slim http://www.loc.gov/standards/marcxml/schema/MARC21slim.xsd"><leader>02064nam a2200421   4500</leader><controlfield tag="001">001585913</controlfield><controlfield tag="003">NNU</controlfield><controlfield tag="006">m        d        </controlfield><controlfield tag="007">cr cn |||m|||a</controlfield><controlfield tag="008">150116m19361938ua      o     000 0 ara d</controlfield><datafield ind1=" " ind2=" " tag="040"><subfield code="a">NNU</subfield><subfield code="b">eng</subfield><subfield code="c">NNU</subfield></datafield><datafield ind1=" " ind2="4" tag="050"><subfield code="a">PJ7521</subfield><subfield code="b">.Y3 1936</subfield></datafield><datafield ind1=" " ind2=" " tag="066"><subfield code="c">(3</subfield></datafield><datafield ind1=" " ind2=" " tag="090"><subfield code="a">PJ7521</subfield><subfield code="b">.Y3 1936</subfield></datafield><datafield ind1="0" ind2=" " tag="100"><subfield code="6">880-01</subfield><subfield code="a">Y&#257;q&#363;t ibn &#699;Abd All&#257;h al-&#7716;amaw&#299;,</subfield><subfield code="d">1179?-1229</subfield></datafield><datafield ind1="1" ind2="0" tag="245"><subfield code="6">880-02</subfield><subfield code="a">Mu&#699;jam al-udab&#257;&#700;</subfield><subfield code="h">[electronic resource] /</subfield><subfield code="c">li-Y&#257;q&#363;t ; r&#257;ja&#699;athu Wiz&#257;rat al-Ma&#699;&#257;rif al-&#699;Um&#363;m&#299;yah ; [ta&#7717;r&#299;r] A&#7717;mad Far&#299;d Rif&#257;&#699;&#299;.</subfield></datafield><datafield ind1=" " ind2=" " tag="260"><subfield code="6">880-03</subfield><subfield code="a">Mi&#7779;r :</subfield><subfield code="b">&#699;&#298;s&#225; al-B&#257;b&#299; al-&#7716;alab&#299;,</subfield><subfield code="c">[1936-38]</subfield></datafield><datafield ind1=" " ind2=" " tag="300"><subfield code="a">online resource (20 v. in 10.)</subfield></datafield><datafield ind1="1" ind2=" " tag="490"><subfield code="6">880-04</subfield><subfield code="a">Silsilat al-maws&#363;&#699;&#257;t al-&#699;Arab&#299;yah</subfield></datafield><datafield ind1=" " ind2=" " tag="500"><subfield code="a">Imprint varies.</subfield></datafield><datafield ind1=" " ind2=" " tag="500"><subfield code="a">Added t.p. in English.</subfield></datafield><datafield ind1=" " ind2=" " tag="500"><subfield code="a">Part of the Arabic Collections Online (ACO) project, contributed by New York Univeristy Libraries.</subfield></datafield><datafield ind1=" " ind2=" " tag="533"><subfield code="a">Electronic reproduction.</subfield><subfield code="b">New York, N.Y. :</subfield><subfield code="c">New York University,</subfield><subfield code="d">2015.</subfield><subfield code="5">NNU</subfield></datafield><datafield ind1=" " ind2="0" tag="650"><subfield code="a">Authors, Arab</subfield><subfield code="v">Biography</subfield><subfield code="v">Early works to 1800.</subfield></datafield><datafield ind1="1" ind2=" " tag="700"><subfield code="6">880-05</subfield><subfield code="a">Rif&#257;&#699;&#299;, A&#7717;mad Far&#299;d</subfield></datafield><datafield ind1="2" ind2=" " tag="710"><subfield code="a">New York University.</subfield><subfield code="b">Libraries.</subfield></datafield><datafield ind1="0" ind2=" " tag="730"><subfield code="a">Arabic Collections Online.</subfield></datafield><datafield ind1="0" ind2="8" tag="776"><subfield code="i">Print version:</subfield><subfield code="a">Y&#257;q&#363;t ibn &#699;Abd All&#257;h al-&#7716;amaw&#299;, 1179?-1229 880-01</subfield><subfield code="t">Mu&#699;jam al-udab&#257;&#700;</subfield><subfield code="w">(NNU)001585913</subfield></datafield><datafield ind1="4" ind2="0" tag="856"><subfield code="u">http://hdl.handle.net/2333.1/6hdr7w03</subfield></datafield><datafield ind1=" " ind2=" " tag="880"><subfield code="6">100-01/</subfield><subfield code="a">&#1610;&#1575;&#1602;&#1608;&#1578; &#1576;&#1606; &#1593;&#1576;&#1583; &#1575;&#1604;&#1604;&#1607; &#1575;&#1604;&#1581;&#1605;&#1608;&#1610;.</subfield></datafield><datafield ind1="1" ind2="0" tag="880"><subfield code="6">245-02/</subfield><subfield code="a">&#1605;&#1593;&#1580;&#1605; &#1575;&#1604;&#1571;&#1583;&#1576;&#1575;&#1569; /</subfield><subfield code="c">&#1604;&#1610;&#1575;&#1602;&#1608;&#1578; &#1563; &#1585;&#1575;&#1580;&#1593;&#1578;&#1607; &#1608;&#1586;&#1575;&#1585;&#1577; &#1575;&#1604;&#1605;&#1593;&#1575;&#1585;&#1601; &#1575;&#1604;&#1593;&#1605;&#1608;&#1605;&#1610;&#1577; &#1563; [&#1578;&#1581;&#1585;&#1610;&#1585;] &#1571;&#1581;&#1605;&#1583; &#1601;&#1585;&#1610;&#1583; &#1585;&#1601;&#1575;&#1593;&#1610;.</subfield></datafield><datafield ind1=" " ind2=" " tag="880"><subfield code="6">260-03/</subfield><subfield code="a">&#1605;&#1589;&#1585; :</subfield><subfield code="b">&#1593;&#1610;&#1587;&#1609; &#1575;&#1604;&#1576;&#1575;&#1576;&#1610; &#1575;&#1604;&#1581;&#1604;&#1576;&#1610;&#1548;</subfield><subfield code="c">[1936-38]</subfield></datafield><datafield ind1="1" ind2=" " tag="880"><subfield code="6">490-04/</subfield><subfield code="a">&#1587;&#1604;&#1587;&#1604;&#1577; &#1575;&#1604;&#1605;&#1608;&#1587;&#1608;&#1593;&#1575;&#1578; &#1575;&#1604;&#1593;&#1585;&#1576;&#1610;&#1577;</subfield></datafield><datafield ind1="1" ind2=" " tag="880"><subfield code="6">700-05/</subfield><subfield code="a">&#1585;&#1601;&#1575;&#1593;&#1610;&#1548; &#1571;&#1581;&#1605;&#1583; &#1601;&#1585;&#1610;&#1583;.</subfield></datafield><datafield ind1=" " ind2="0" tag="830"><subfield code="6">880-06</subfield><subfield code="a">Silsilat al-maws&#363;&#699;&#257;t al-&#699;Arab&#299;yah.</subfield></datafield><datafield ind1=" " ind2="0" tag="880"><subfield code="6">830-06/</subfield><subfield code="a">&#1587;&#1604;&#1587;&#1604;&#1577; &#1575;&#1604;&#1605;&#1608;&#1587;&#1608;&#1593;&#1575;&#1578; &#1575;&#1604;&#1593;&#1585;&#1576;&#1610;&#1577;</subfield></datafield><datafield ind1=" " ind2=" " tag="959"><subfield code="a">NNU</subfield><subfield code="b">WEB</subfield><subfield code="c">GENI</subfield><subfield code="t">0</subfield><subfield code="m">Electronic access</subfield><subfield code="s">01</subfield></datafield><datafield ind1=" " ind2=" " tag="999"><subfield code="i">NNU_001585913</subfield><subfield code="o" /></datafield></record>